3592 4764
527 256 722 352 rubeant,
739 259 779 340 dc
795 256 1007 340 autoribus
1018 253 1273 368 quibusdam
1294 250 1317 336 ai
1338 247 1493 363 frigore
1515 249 1600 336 usta
1620 247 1760 338 dicau-v

535 391 622 469 tur,
642 367 708 452 sali
729 370 894 454 cuidam
919 367 1044 466 nivali
1063 363 1337 466 adscribenda,
1349 361 1400 450 de
1428 388 1516 477 quo
1536 359 1644 447 infra
1668 362 1762 475 plu·

324 548 348 589 c.
365 453 436 590 fa·
453 455 509 517 ¹¹¹·
539 480 654 566 ribus
673 505 765 588 ago.
824 482 1060 566 Hincenim
1078 474 1330 590 quibusdam
1349 473 1697 588 pustulaequoque
1715 479 1762 558 in

277 606 280 613 ’
540 592 829 706 genis&nas0
843 590 1020 685 obortae,
1033 588 1193 704 quodq3
1217 593 1292 701 qui
1305 611 1379 698 per
1391 587 1601 698 copiosam
1617 591 1763 670 nivem

538 706 879 816 peregrinantur,
907 708 1136 816 appetitum
1162 704 1362 788 caninum
1384 696 1453 785 seu
1474 695 1765 809 bulimonpa·

539 827 708 900 riantur.

624 927 692 1011 IV.
716 942 781 1006 ros
803 949 901 1008 vere
919 928 959 1008 dr
977 943 1181 1009 autumno
1195 929 1254 1008 im
1287 926 1408 1009 timis
1420 945 1688 1033 comparens,
1699 943 1767 1002 ar·

540 1032 778 1144 horumque
796 1034 898 1146 saepe
913 1062 959 1119 ac
972 1034 1201 1147 plantarum
1217 950 1326 1120 follis
1352 1035 1533 1118 maculas
1562 1031 1766 1118 inducens

541 1143 657 1232 facile
674 1144 848 1241 indicat,
865 1144 997 1256 qualis
1016 1173 1067 1231 eo
1086 1166 1277 1259 tempore
1292 1171 1363 1231 aer
1386 1145 1425 1231 se
1440 1141 1609 1233 offerat,
1632 1144 1767 1229 maai·

418 1264 422 1269 ’
543 1245 614 1339 md
635 1263 675 1340 in
704 1262 909 1343 matutino
935 1259 1317 1369 peregrinantibus,
1338 1283 1436 1343 cum
1462 1253 1666 1371 &pecudi
1693 1278 1772 1338 no·

545 1368 685 1465 ceat‚s1
703 1368 867 1453 summo
884 1393 1005 1465 ruane
1023 1380 1063 1454 in
1083 1396 1208 1477 agros
1222 1364 1430 1480 ejusmodi
1446 1366 1629 1455 roscidos
1643 1390 1790 1476 agan··

345 1498 628 1609 nominetur·
713 1481 934 1563 Rosenim
959 1477 1025 1565 bic
1068 1480 1213 1567 salium
1249 1507 1299 1572 ac
1340 1477 1547 1593 sulphuris
1582 1485 1629 1563 in
1660 1473 1773 1561 'aere

333 1623 535 1705 nuruum.
548 1594 788 1702 genitorum
809 1590 1043 1676 vehiculum
1060 1594 1129 1696 est,
1148 1617 1196 1676 ac
1215 1591 1403 1680 irritandi
1420 1597 1462 1674 vi
1484 1590 1623 1704 pollet,
1635 1611 1772 1699 eoque

336 1720 479 1786 omo
550 1706 683 1811 magis
700 1703 932 1786 corrosrvus
950 1702 1099 1801 evadit,
1119 1730 1204 1816 quo
1221 1704 1388 1816 longius
1402 1703 1452 1789 ab
1464 1703 1602 1789 indole
1618 1693 1684 1785 sud
1702 1695 1777 1781 de·

548 1833 734 1925 generat,
755 1811 862 1898 unde
878 1838 1045 1928 quoque
1071 1828 1147 1927 qui
1165 1816 1287 1902 nudis
1337 1815 1484 1901 edibus
1510 1842 1585 1927 per
1600 1832 1776 1922 campos

548 1926 590 2008 δι
615 1945 731 2036 prata
749 1924 960 2009 rorulenta
976 1925 1200 2025 ambulant,
1215 1843 1385 2013 eosddm
1395 1924 1558 2015 scabros
1573 1947 1776 2010 aemacu·

548 2031 600 2118 lis
615 2032 864 2148 pustulisque
878 2034 1449 2149 plenosexindecontrabunt.
1509 2040 1779 2147 Qapropter

383 2205 518 2269 Volsinii
530 2139 577 2282 ‚d
594 2142 812 2258 pecoribus
828 2147 1050 2257 deglutitus
1063 2151 1251 2235 intestina
1261 2174 1412 2233 eorum
1431 2155 1615 2230 maxime
1628 2141 1778 2243 afficit,

339 2256 522 2367 immun
555 2253 782 2370 alvumque
805 2257 1008 2357 sollicitat,
1030 2261 1238 2346 interdum
1253 2255 1778 2352 adeovehementer,utvi·

554 2390 646 2454 tarn
663 2366 810 2455 iisdem
826 2368 944 2454 simul
960 2369 1143 2473 auferat,
1155 2369 1287 2482 eique
1299 2379 1460 2454 ratione
1477 2368 1628 2479 pestem
1649 2391 1776 2483 quan·

556 2478 651 2564 dam
667 2505 866 2591 pecorum
886 2481 1085 2580 causetur,
1103 2506 1223 2589 arque
1242 2478 1778 2563 baeccatervatimsuccum·

556 2587 667 2675 bant.
749 2593 854 2698 Qia
871 2582 971 2671 verb
997 2594 1036 2671 δι
1060 2589 1182 2674 bilem
1200 2609 1344 2700 auget,
1364 2615 1585 2702 eapropter
1609 2604 1781 2701 quoque¹

559 2697 1076 2811 uisceraanimaliumexin
1095 2698 1414 2785 demortuorum
1433 2702 1523 2812 post
1541 2718 1782 2813 aperturam

556 2815 694 2896 crocei
712 2805 866 2893 coloris
883 2817 1156 2920 reperiuntur.
1212 2818 1417 2921 Qamvis
1432 2835 1572 2896 autem
1585 2811 1633 2896 ad
1646 2809 1786 2907 borni.-

555 2926 715 3042 minem
733 2926 876 3004 omnia
895 2920 981 3007 baec
1000 2949 1086 3008 non
1105 2922 1319 3036 quadrent,
1345 2922 1483 3008 saitem
1500 2924 1600 3036 quid
1619 2923 1670 3008 ab
1688 2946 1787 3021 aere

556 3031 786 3138 ejusmodi,
810 3055 1040 3145 quemtam
1064 3040 1291 3121 matutinus
1316 3042 1599 3145 peregrinator
1622 3044 1789 3120 evitare

557 3147 865 3257 nequit,.quam
877 3145 1012 3232 herbis
1022 3143 1273 3233 acfrustibus
1287 3142 1557 3232 inbaerentem
1573 3147 1795 3247 cumcibis,

558 3253 755 3337 homines
773 3253 980 3353 hauriunt,
999 3256 1320 3367 exspedlandum
1338 3260 1396 3355 lit,
1415 3255 1533 3363 ¹facile
1550 3256 1686 3367 colligi
1704 3252 1768 3368 po
1773 3248 1792 3330 ἰ’

324 3378 344 3415 f
559 3359 647 3446 test.
706 3363 986 3471 Dysenteriarn
1002 3362 1190 3450 lethalem
1208 3392 1262 3451 ex
1276 3368 1343 3450 esu
1368 3365 1548 3455 brafficae
1572 3376 1766 3482 capitatae

364 3482 546 3554 naim
558 3476 687 3563 noxio
700 3500 794 3558 rore
803 3470 1198 3577 infedaeinsecutam
1212 3496 1327 3567 notat
1336 3487 1518 3571 Schelzius
1528 3488 1572 3568 in
1584 3489 1792 3591 cocstede

350 3571 450 3652 Μ
466 3583 507 3648 ⁸³
558 3598 636 3669 neit
648 3595 833 3670 societatis
848 3595 975 3696 Nqstrae
987 3589 1183 3702 simulque
1193 3591 1244 3675 de
1254 3593 1793 3717 rurisqualitatibusnoxiis

560 3692 785 3824 pluribusa
822 3703 864 3781 it.
919 3700 1789 3820 Ipsequoqueejusopinionissum,dysen-

494 3884 497 3889 ,
561 3827 673 3927 terrae
693 3811 772 3918 Epi
802 3813 945 3892 emicae
962 3819 1172 3925 originem
1188 3826 1598 3930 maximampartem
1614 3844 1669 3906 ex
1688 3849 1742 3907 ro

489 3982 501 3995 ·
562 3915 768 4026 elusmodi
778 3924 1002 4029 C⁰rr⁰s¹V0›
1013 3952 1139 4039 poma
1148 3953 1251 4041 pyra
1263 3931 1442 4048 aliosque
1450 3926 1607 4020 studius
1620 3929 1759 4060 horat·
