3592 4764
304 56 308 63 ¹
415 124 484 217 322
637 68 642 83 '
815 104 1218 187 recutitorum

418 214 533 329 quast
547 232 786 317 enervetur,
800 236 848 315 ¹ut
865 213 1014 300 deinde
1034 214 1172 295 minus
1188 198 1438 323 qualitatum
1454 186 1505 327 sei

422 340 466 413 in
482 354 637 441 aquam
653 326 755 411 dum
770 332 965 441 coquitur
981 325 1188 437 deponere
1197 310 1334 433 poffit,
1345 332 1504 423 granai

421 445 623 525 minantia
638 434 916 550 lixelseparata
936 442 1021 527 aeri
1041 452 1330 548 exponuntur,
1345 447 1394 507 ac
1413 418 1505 555 (eni

421 572 581 647 cantur,
598 550 665 636 vel
680 558 805 639 etiam
820 552 940 663 supra
953 546 1180 636 tabulatum
1226 536 1505 647 uoddamtgnt

421 660 491 749 &o
509 660 645 751 calore
663 662 747 749 leni
759 686 990 764 torrentur,
1007 658 1194 770 saepiuss
1254 650 1431 740 tostione
1455 672 1505 781 tre

387 778 394 803 ’·
422 778 697 863 ntoduratur.
754 772 1019 863 Torrefastio
1031 798 1172 859 tamen
1182 756 1505 877 ejusmodisrmr

421 888 583 985 stiterit,
600 886 805 975 cerevtfiae
816 888 1010 1003 saporem
1027 893 1240 997 ingratum
1258 872 1470 964 conciliat·

497 1004 564 1089 ΙΙΙ.
594 1000 782 1087 Brastum
795 1001 877 1087 hoc
895 1000 1106 1087 molarum
1127 988 1331 1083 beneficio
1349 984 1505 1073 aderet

420 1108 649 1224 redigitur,
663 1138 712 1197 ac
728 1111 824 1200 dein
842 1140 960 1228 aquae
980 1104 1287 1197 ferventiffimae
1302 1107 1352 1186 in
1375 1122 1489 1211 cupa

422 1218 672 1329 infunditur,
688 1220 837 1325 eadere
852 1232 1083 1341 quantitate
1107 1246 1155 1308 ut
1183 1218 1460 1335 pulmentum
1476 1236 1505 1295 -r

382 1360 389 1367 ·
420 1330 529 1447 aque
544 1346 644 1422 viris
658 1335 836 1425 robustis
845 1336 994 1451 ligneis
1005 1332 1255 1452 quibusdam
1267 1324 1505 1415 instrumen

423 1448 617 1535 motibus
628 1475 704 1565 per
718 1450 877 1561 aliquot
896 1457 1011 1536 vices
1027 1448 1159 1563 probe
1180 1449 1389 1555 agitatur,
1411 1436 1505 1525 don·

425 1582 497 1645 ma
514 1565 561 1645 in
575 1557 788 1675 superficie
800 1584 1010 1676 appareat,
1028 1559 1143 1761 pluod
1158 1559 1325 1671 fignum
1334 1544 1505 1680 firffieiu

425 1670 718 1762 tradiooisest.
741 1679 783 1762 Si
798 1680 1028 1762 maceratio
1067 1698 1125 1759 aec
1140 1660 1505 1775 autexstrastiojut

225 1851 362 1915 ΨΜ
374 1788 511 1918 ptius
527 1788 803 1899 protrahatur,
814 1790 1007 1876 cerevisra
1019 1786 1158 1873 evadit
1168 1774 1505 1879 craffior,mucil

200 1931 291 2009 pm,
304 1956 352 2008 ω
423 1920 476 1981 ae
492 1896 588 1983 dein
603 1908 676 1985 vix
692 1898 988 1999 fermentescit‚
1016 1898 1134 2009 eujus
1154 1897 1272 1983 causa
1288 1901 1331 1981 in
1349 1898 1505 1997 pattici

387 2030 390 2035 ·
425 2009 622 2098 restribus
636 2010 756 2099 simul
772 2013 1092 2101 extratiisiatet.
1152 2014 1264 2137 Exin
1293 2002 1505 2095 beneficio

425 2137 548 2239 atque
563 2122 733 2211 alterius
745 2125 935 2213 eoiatorii
949 2120 1165 2235 cujusdam
1183 2117 1380 2240 quadrati
1391 2117 1505 2235 ligne

429 2258 485 2348 pa
498 2234 686 2351 repositi,
707 2234 895 2325 infusum
916 2262 964 2327 ut
980 2242 1034 2328 stc
1057 2237 1206 2355 loquar
1222 2256 1422 2323 cremore
1451 2230 1505 2319 br·

423 2371 711 2461 prognatum,
725 2355 772 2437 iu
785 2350 963 2466 spatium
981 2350 1168 2463 ejusdem
1183 2372 1384 2451 vacuum,
1400 2338 1505 2461 peri

427 2484 483 2545 na
499 2459 611 2549 hunc
623 2466 667 2547 in
683 2458 813 2551 finem
827 2472 872 2553 in
886 2463 1092 2551 colatorio
1105 2460 1286 2551 formata
1296 2478 1501 2573 penetrat,

430 2575 552 2657 tinuo
574 2580 729 2659 iterum
748 2574 1004 2676 exhauritur,
1028 2584 1074 2664 in
1092 2575 1274 2663 caldario
1295 2572 1350 2659 ad
1366 2576 1505 2683 ignem

374 2690 376 2695 '
430 2689 640 2795 coquitur,
654 2710 702 2771 ac
713 2689 759 2771 in
771 2712 902 2803 cupas
916 2688 1015 2792 suas,
1032 2712 1077 2773 ut
1092 2686 1331 2809 refrigescat
1348 2680 1505 2773 distribt

486 2798 670 2885 lV-Haec
691 2794 1505 2915 quaugeneratisdetineatroestcoflrod

431 2906 1372 3024 vtsnrtae‚quaetamenjuxraloca&materiam
1381 2906 1505 3001 frume

429 3027 575 3111 variat.
596 3025 878 3111 Fermentatio
890 3014 1505 3137 veroinfusrcerevifiariiprom

367 3238 370 3243 ¹
429 3132 575 3239 faeeibo
591 3136 974 3227 cerevifiariiseertd
983 3147 1260 3255 quantitatem
1273 3136 1388 3227 idem
1406 3130 1505 3243 τεὴ

430 3246 586 3334 infusis.
641 3244 1083 3337 Adfermentationem
1101 3238 1505 3365 autemejnsmodiffl

431 3381 523 3445 tum
541 3384 709 3471 quoque
725 3366 770 3445 in
783 3370 1088 3473 germinatione
1107 3354 1504 3481 dispositionemim

432 3490 562 3584 perat.
621 3474 899 3559 Fermentario
922 3470 1025 3561 vero
1060 3476 1149 3567 haee
1170 3484 1267 3567 aire
1285 3474 1505 3567 caudent

431 3586 568 3681 eitius,
582 3575 798 3695 frigidiore
810 3584 913 3673 verb
927 3585 1284 3695 tardiuesuceedit,
1294 3590 1426 3709 eaique
1436 3582 1505 3673 adt

432 3715 551 3780 rante
564 3698 757 3782 cerevifia
770 3698 858 3785 haec
875 3722 984 3785 nova
1000 3700 1234 3791 demumex
1246 3714 1368 3818 cupis
1377 3712 1422 3792 in
1436 3718 1505 3789 tout

429 3804 654 3893 stribuitur·
713 3808 961 3899 Cavendum
975 3835 1116 3902 tamen
1143 3845 1195 3903 ne
1214 3816 1282 3904 vel
1297 3816 1431 3905 calida
1449 3820 1505 3899 niu

430 3918 582 4037 frigida
595 3924 638 4009 in
656 3918 817 4012 dolium
834 3946 1073 4039 reponatur,
1089 3950 1265 4046 utraque
1273 3937 1393 4022 enim
1400 3934 1505 4019 ratior
