3592 4764
444 126 523 219 ‘nt
861 98 1340 211 sucurrerunt..

456 230 568 337 sunt,
583 223 680 317 Ideo
697 246 797 313 erro
812 246 980 341 quoque
999 200 1567 337 hiccraffiorest,d1fficssiut

458 354 578 439 titur,
594 368 672 429 nec
691 340 940 441 alimentum
954 344 1009 421 ita
1027 330 1228 421 laudabile
1245 328 1317 445 sup
1348 326 1490 425 eduat-

546 458 618 545 IV.
647 472 725 551 cor,
737 450 931 539 durioris
949 450 1214 561 sicciorisque
1231 442 1303 529 sub
1354 438 1567 549 ,ntiaeestn

460 596 638 691 propter
653 561 863 654 difficilius
881 566 1180 673 concoquitur,
1195 556 1226 645 st
1244 577 1388 659 tamen
1411 554 1521 645 bene
1545 552 1567 643 d

459 688 701 779 turbonum
717 679 890 765 firmum
925 701 975 759 ue
988 671 1239 763 alimentum
1264 670 1349 759 dat.

543 798 597 885 V.
622 798 743 878 Palm
757 788 813 875 ob
833 702 1092 877 subVautiam
1104 792 1319 873 ¹rariorem
1339 780 1501 871 facilius
1523 808 1568 901 qt

445 910 751 1019 concoquitur,
767 921 941 1019 propter
956 899 1131 987 eandem
1143 916 1285 988 tamen
1301 894 1568 983 fimuilaxior

452 1040 621 1111 tantum
637 1013 1215 1129 nonspumosampaucumac
1237 1033 1358 1100 tenue
1383 1014 1568 1098 nutrime

453 1132 539 1232 dat,
554 1160 603 1220 ac
617 1126 899 1243 illud-insuper
919 1126 974 1215 ob
993 1122 1262 1215 brachiorum
1290 1125 1555 1241 aliorumque

454 1270 555 1333 rum
571 1270 623 1333 co
657 1246 758 1345 iam,
769 1236 1086 1357 quodammodo
1102 1234 1312 1353 frigidius,
1327 1234 1460 1353 probe
1480 1260 1568 1325 tam

453 1357 605 1448 tenden
640 1385 731 1453 um,
750 1377 797 1440 ut
815 1355 963 1469 pulmo
983 1353 1102 1441 sanus
1116 1350 1568 1467 acincorruptussrt,rt

453 1468 610 1561 cillime
626 1477 877 1579 inquinetur,
895 1474 1086 1583 vitioque
1104 1464 1243 1578 aliquo
1252 1462 1420 1558 laboret.

531 1586 604 1671 VI.
628 1600 744 1691 Hepar
758 1606 805 1665 ac
826 1592 936 1681 Lien,
961 1580 1075 1667 succi
1102 1603 1273 1715 quoque
1291 1581 1457 1695 semper.
1475 1607 1567 1669 non

456 1692 570 1783 boni.
622 1698 847 1801 Juniorum
869 1714 1010 1782 tamen
1026 1710 1101 1779 aut
1115 1690 1303 1893 Elemore
1315 1692 1467 1806 pabulo
1480 1716 1568 1783 utet

452 1805 711 1903 animalium,
731 1816 887 1921 quique
904 1804 1046 1894 adhuc
1060 1830 1112 1892 ru
1142 1826 1259 1893 entes
1269 1808 1376 1909 sunt,
1392 1805 1569 1897 meliore

423 1919 1258 2037 .stunt‚quoniamsanguinenonpravo
1271 1916 1401 2005 tinfli
1459 1936 1569 2039 Hepa

442 2040 646 2145 coquitur
661 2032 886 2137 affatutve,
902 2032 1086 2119 multum
1109 2028 1367 2119 humiditatis
1395 2026 1569 2147 deponit

433 2152 618 2263 riusque
639 2142 808 2249 evadit,
831 2166 901 2233 aut
924 2169 1114 2233 tenerum
1138 2168 1327 2231 remanet
1344 2170 1422 2259 pro
1440 2152 1569 2237 anim

439 2260 692 2349 diverfitate.
719 2270 809 2359 Lien
823 2280 964 2353 tamen
983 2254 1136 2347 restius
1154 2248 1177 2345 ὲ
1192 2254 1390 2355 ciborum
1404 2262 1569 2351 ceniire

445 2372 570 2473 ditur,
587 2401 689 2467 cum
711 2374 847 2463 viscus
863 2374 913 2462 fit
931 2372 1109 2463 lutosum
1127 2370 1468 2485 sanguinecraffo
1485 2376 1569 2463 aeid

441 2480 658 2619 refertum,
669 2486 875 2601 talemque
884 2512 1012 2599 quem
1021 2476 1568 2603 melanchoflcumuulgitdi

441 2620 920 2822 lterVV.g{?ueersas2{oris
932 2716 1088 2827 ingrati
1104 2710 1350 2830 plerumque
1365 2684 1486 2821 sunt,
1497 2742 1569 2833 qut

225 2784 585 2955 fefaffffsfss‘rosum
600 2824 703 2939 quid
720 2824 898 2939 sapiant,
920 2852 970 2915 ac
1003 2822 1229 2915 difficulter
1245 2855 1570 2947 concoquuntur

224 2967 255 3032 r·
271 2956 314 3027 σι
441 2934 621 3065 tamena
637 2935 919 3029 tenerioribus
934 2936 1409 3033 animalibusstrmuntur
1424 2946 1570 3063 ffiporit

432 3050 716 3163 jucundioris,
742 3046 1036 3140 concoctionis
1051 3048 1248 3141 facilioris
1267 3083 1315 3141 ac
1342 3058 1457 3147 succi
1479 3056 1570 3147 meli

437 3164 600 3257 Eadem
615 3190 786 3287 quoque
804 3168 847 3253 &
867 3168 1108 3253 tertuum
1127 3175 1259 3271 ratio,
1276 3166 1513 3263 vitulorum
1532 3194 1570 3261 ta

434 3282 665 3395 prasertim
687 3284 913 3393 pinguium
941 3304 1068 3371 renes
1084 3277 1317 3393 gratissimi.

512 3394 621 3481 VIII.
642 3399 865 3479 nutriculas
878 3418 926 3491 ac
940 3398 1112 3499 Intestina
1139 3418 1278 3505 partes
1295 3394 1388 3487 sunt
1404 3394 1570 3490 membr

433 3530 519 3591 cear
534 3508 577 3591 δι
595 3499 817 3621 aliquando
833 3504 1043 3605 duriores,
1055 3506 1296 3597 conducunt
1307 3534 1449 3601 tamen
1459 3522 1526 3613 iis,
1535 3534 1570 3631 qt

432 3612 642 3703 hecticam
655 3614 878 3733 tabemque
895 3616 1111 3719 inclinant,
1125 3621 1368 3735 sanguinem
1391 3634 1507 3717 enim
1528 3650 1570 3717 at

249 3804 421 3867 mm
434 3738 655 3843 corrigunt
671 3736 713 3819 &
730 3732 845 3845 quasi
860 3731 1112 3831 obtundunt,
1127 3734 1257 3821 modo
1276 3736 1376 3825 disti
1392 3758 1499 3853 2ng
1516 3740 1570 3829 sto

215 3832 381 3955 2,.‚¹„„„‚
401 3842 515 3969 rcho
532 3844 757 3934 robustiori
771 3842 907 3943 adhuc
928 3844 1119 3959 polleant·
1179 3850 1361 3939 Vitanda
1373 3880 1570 3973 quoquet

94 4015 98 4021 ·
206 3974 374 4055 maior
425 3958 537 4051 tibus
551 3986 601 4049 ac
619 3958 762 4047 otiofis
776 3966 952 4063 naturis,
969 3988 1024 4063 ao·
1041 3968 1258 4079 inprimis
1281 3972 1477 4165 aegriraq
1499 3968 1571 4169 dec¹

91 4113 100 4127 ·
1479 4105 1563 4170 entr
