3592 4764
3 2910 14 2933 ’
165 2936 218 3020 r·
232 2944 287 3025 εει
403 2914 520 3011 ribus
535 2914 716 3034 explicat
739 2920 894 3004 rodam.

422 102 481 211 ‘8'6
609 204 614 211 ,
844 120 1221 199 reorncrm.

512 224 682 315 xxvi.
709 220 915 335 spinacia,
934 218 1145 308 hometiat
1160 214 1400 417 refrigerat,
1418 220 1544 336 peste:

429 338 565 428 lidlori
575 401 588 443 ,
602 342 783 451 gutturis
797 336 1027 451 asperitati,
1045 357 1094 419 ac
1111 327 1204 419 ruffi
1222 357 1270 419 ca
1286 333 1365 418 idae
1384 335 1544 424 conduc

430 478 544 539 acres
560 461 604 537 in
622 448 860 563 precordiis
879 447 1113 557 stagnantes
1131 442 1291 538 succos,
1314 454 1413 561 quin
1434 454 1474 536 δι
1496 452 1544 536 sai

429 571 495 651 nis
508 560 652 649 aestum
673 588 721 647 ac
738 558 961 674 plrlogoses
983 577 1185 669 temperat
1197 615 1210 657 ,
1220 551 1429 663 jusculum
1450 559 1544 649 verl

427 675 571 764 alvum
585 673 706 762 solvit
726 675 890 871 torpere
917 674 1170 770 irritatione,
1185 667 1296 755 unde
1314 666 1543 786 hypochon

429 794 491 897 cis
510 783 692 873 maxime
713 812 796 871 con
837 804 901 883 rt3
931 790 1114 869 Paucum
1131 775 1231 881 aliis
1250 778 1544 875 alimenrtunsr

425 898 542 998 ditat,
553 926 601 986 ac
617 895 828 985 flatulenta
843 894 900 982 est
913 892 1186 1007 nauseamque
1202 917 1368 994 movet,
1399 900 1473 984 nili
1491 927 1543 1014 pa

389 1100 393 1104 .
424 1008 582 1209 burpro
597 1017 740 1208 pppere
754 1007 1023 1205 zinpiberelpc
1043 1004 1121 1090 sale
1136 1013 1382 1117 corrigatur.
1403 1018 1545 1206 ιμοι

376 1192 383 1207 .
428 1129 437 1147 ’
1021 1144 1062 1200 m
1123 1128 1129 1138 '
1204 1143 1246 1199 m
1316 1143 1331 1200 t

209 1192 332 1350 ,2331
344 1144 1162 1353 :tliuillllialillnlelil,
1176 1142 1545 1321 leitilai,

423 1348 536 1436 olera
559 1341 829 1459 ‘gmtrllimam
845 1369 892 1429 ec
911 1337 1222 1430 laudatissimam
1240 1366 1384 1447 vocat,
1401 1372 1545 1465 quaequ

422 1461 522 1547 bum
541 1465 586 1545 in
602 1468 724 1544 omni
745 1458 993 1570 egritudine
1018 1483 1122 1563 pene
1147 1456 1395 1568 suppeditetr
1431 1463 1545 1548 Mod,

418 1592 503 1659 tem
521 1581 561 1658 in
580 1570 739 1684 pultem
753 1570 975 1681 redigitur,
990 1568 1121 1652 modo
1138 1581 1246 1654 inter
1254 1569 1382 1656 cruda
1393 1581 1545 1664 acetari

419 1690 586 1797 cipitur,
606 1683 888 1799 salubriorque
901 1681 980 1784 eli,
996 1706 1122 1794 quam
1143 1681 1329 1794 atriplex.

499 1798 683 1887 XXVII.
709 1795 863 1909 Thym
883 1790 1003 1879 cibos
1022 1791 1183 1906 sapidos
1200 1788 1343 1897 efficit,
1362 1790 1546 1883 calefacit

418 1906 470 1995 de
488 1907 611 1997 liccat
629 1913 671 1996 δι
687 1906 859 1999 incidit,
876 1905 989 1991 unde
1012 1902 1256 1994 Ventriculo
1326 1902 1429 1993 &ori
1465 1936 1518 1994 ue

415 2018 543 2117 ducit,
600 2021 858 2107 Praeterea&
876 2015 1000 2104 flatus
1017 2015 1179 2103 discutit
1186 2078 1198 2118 ,
1210 2025 1252 2102 vi
1271 2045 1342 2103 um
1358 1935 1546 2107 corilum

415 2128 660 2328 Epilepticis
678 2128 1069 2242 melancholicisque
1085 2126 1262 2217 confert.
1303 2132 1507 2245 ,Egregio
1528 2158 1546 2218 r

415 2242 495 2329 sae
516 2243 675 2330 volatili
694 2239 885 2339 abundat,
904 2263 951 2329 ut
967 2240 1034 2328 vel
1055 2266 1113 2330 err
1133 2240 1262 2328 odore
1278 2254 1546 2331 aromatico:

207 2342 512 2554 ·}j;‘2¹¹·⁸gpm
528 2355 634 2442 licet.
693 2360 875 2444 Urinam
897 2381 1065 2468 quoque
1088 2352 1310 2443 &menses
1331 2379 1546 2469 provocat,

198 2432 304 2587 ἕης·
356 2441 383 2510 3·
413 2491 429 2553 t
460 2472 594 2555 riticis
616 2469 834 2570 conducit,
850 2491 1132 2581 veneremque
1147 2473 1188 2551 in
1207 2473 1311 2552 viris
1332 2469 1546 2582 exstinguit

412 2580 654 2667 mulieribus
664 2575 863 2665 accendit.
921 2577 1152 2690 Eligendus
1177 2602 1314 2665 autem
1338 2580 1508 2691 thymus
1532 2580 1546 2663 l

236 2790 332 2841 cm
356 2786 400 2842 d
408 2716 620 2803 purpureo
634 2712 707 2776 aut
724 2693 831 2796 albo,
849 2696 967 2801 niger
987 2684 1259 2797 rejiciendus,
1277 2716 1402 2806 quem
1421 2719 1505 2808 quo
1525 2692 1546 2777 fi

191 2861 329 2940 ,m
342 2868 363 2937 1.
375 2867 392 2929 ό
407 2804 590 2892 boranici
604 2804 832 2918 appellent,
846 2826 946 2890 cum
963 2799 1045 2889 flos
1069 2800 1276 2914 ejusmodi
1291 2831 1379 2894 nou
1406 2802 1527 2895 detur

790 2998 1235 3168 citurus.

708 3228 788 3329 De
806 3222 1045 3442 Radiciblus
1065 3223 1299 3357 esculentir.

387 3488 525 3692 DE
546 3504 758 3596 radlclbur
769 3508 814 3592 in
844 3527 997 3620 genere
1033 3504 1297 3611 notandum,
1327 3506 1531 3622 quoniam

488 3640 594 3705 terra
612 3620 749 3722 latent,
761 3623 987 3704 necventir
1000 3615 1226 3726 perflantur
1257 3622 1369 3711 cuod
1380 3627 1547 3704 enimer

387 3738 542 3815 citium
558 3739 601 3816 in
621 3731 887 3836 animalibus,
898 3726 997 3816 illud
1013 3737 1055 3815 in
1077 3714 1377 3841 vegetabilibur
1394 3735 1547 3844 venti).

385 3850 658 3955 transpirant,
678 3866 827 3954 utpote
842 3848 953 3931 airis
970 3868 1019 3931 ac
1040 3840 1214 3929 luminis
1236 3843 1376 3929 solaris
1404 3868 1547 3951 expeti

378 3953 917 4077 lriucquoquelrumidrtate
930 3956 1547 4060 excremenuuarcrrenrmffir
