3592 4764
592 207 927 305 brantomo,

60 344 230 455 merlta'
253 343 346 501 vel
366 352 716 461 solertill'tmum
732 357 1009 507 fatigarent,
1036 357 1119 499 qui
1145 346 1292 499 dignle
1317 360 1473 467 absol·

64 512 217 599 reret,
249 486 305 587 &
331 518 429 591 rnre
467 524 530 599 rae
572 497 838 630 panegyres
865 487 985 601 milri
1019 490 1371 595 concinnandae
1397 496 1472 597 fo-

63 644 185 729 rent,
221 522 522 765 limodeltia
544 630 612 727 Vr
668 660 698 727 a
728 622 1056 765 permittetur
1099 619 1225 772 Illud
1261 611 1472 779 tantum,

61 742 197 979 guod
214 750 580 861 Medrcorumc
646 782 870 905 tangam,
899 758 975 860 vix
994 752 1056 859 de
1081 752 1296 893 ptsttfcta
1318 751 1397 858 lue
1416 786 1482 859 err

90 874 302 987 olonicr's
317 884 429 998 oris,
445 882 637 1025 aliisque
652 882 839 1005 morbis
850 880 1037 1009 summe
1054 884 1166 1001 mali
1204 888 1474 993 nisaccotn

61 1036 100 1111 ra
135 1012 243 1113 iosrs
258 1015 524 1163 quicquam
543 1013 863 1129 increbuerat,
884 1044 1001 1121 cum
1026 1053 1139 1131 tuan
1177 1022 1474 1124 antelLLU·
1517 1062 1520 1069 ·

12 1192 17 1201 ·
131 1144 394 1251 Rlssltvlo
414 1182 471 1250 ac
491 1151 1063 1254 REVERENDISSIMO
1086 1148 1475 1253 CATHEDRA·

61 1274 496 1421 arcturum,
514 1278 634 1385 sede
668 1269 760 1390 hle
782 1272 1013 1419 impetra
1039 1282 1370 1392 reomau,
1389 1287 1473 1383 Ve-

51 1398 244 1535 sitarum
257 1436 401 1513 ettam
420 1444 647 1516 curarum
669 1405 1039 1525 arbitraremini,
1068 1411 1237 1515 omnia
1262 1402 1326 1513 eo
1352 1444 1475 1515 con·

56 1536 191 1653 ferre,
200 1540 436 1649 utsam'ras
445 1540 720 1647 incolarum
737 1541 1107 1649 acsubdirorum
1124 1535 1265 1677 hujus
1284 1542 1473 1651 DlOE·

56 1672 295 1775 CESEOS
320 1702 531 1821 quoquo
545 1672 706 1779 modo
722 1672 903 1775 lalva&
918 1670 1177 1776 incolumis
1194 1678 1474 1781 servaretur.

58 1800 146 1907 vir
163 1803 441 1945 ipsocotant
451 1800 882 1953 plerisquchslrar.
904 1802 1040 1941 Vestr.
1061 1806 1289 1906 Dominae.
1314 1808 1473 1907 Domi-

58 1938 215 2039 καὶαπ.
231 1938 491 2045 Traclatus
507 1932 646 2073 hujus
664 1972 774 2052 mer,
790 1939 886 2070 jam
896 1934 1056 2075 plures
1071 1962 1183 2040 anre
1202 1966 1356 2037 annos
1378 1929 1474 2038 ela·

59 2056 241 2179 borari,
272 2069 577 2174 mentionem
602 2071 871 2203 injeceram,
888 2100 1006 2171 curn
1029 2060 1178 2216 Vestro
1204 2066 1377 2171 farore
1399 2062 1473 2167 lu-

57 2228 162 2301 cem
176 2192 441 2353 publicam
457 2200 702 2338 aspiceret,
724 2232 810 2316 ne,
835 2198 972 2351 quod
998 2194 1138 2303 factle
1157 2193 1474 2301 librariorum

55 2362 200 2433 mora
216 2332 435 2437 accidere
452 2320 1200 2482 potuillet,tardiltsimpressionis
1218 2328 1477 2476 negotium

55 2460 360 2577 succederet,
396 2460 490 2567 hae
529 2462 714 2567 ratione
734 2457 854 2564 vero
908 2468 974 2563 eo
1022 2461 1156 2561 citius
1202 2460 1381 2559 sanrtatt
1404 2459 1475 2560 in

54 2591 282 2698 tolarttm
302 2590 550 2749 Vestrorum
567 2578 752 2697 consuli
768 2584 942 2728 pollet,
965 2594 1123 2726 Atque
1138 2576 1370 2697 famalhac
1388 2596 1475 2691 Ve-
1536 2668 1544 2683 .

42 2722 162 2855 siri,
197 2758 339 2833 nunc
360 2760 413 2833 tn
430 2724 619 2833 literato
650 2758 754 2874 quo
792 2758 852 2825 ue
872 2722 996 2825 orbe
1029 2716 1381 2865 inclarescente,
1414 2752 1475 2831 ac

51 2852 380 2995 perennanrrl,
398 2888 618 2997 utquam
638 2758 1476 2998 drutillrmeIpfimrtfruaminr,tnque

50 2994 207 3095 latriae
226 2990 500 3097 commoda
517 2984 719 3099 feliciter
735 2990 922 3129 semper
932 3004 1006 3089 res
1030 3014 1284 3138 gerare-,Rex
1301 3012 1475 3126 annno

49 3152 237 3243 turco,
265 3120 390 3237 milri
405 3112 535 3235 certi:
552 3117 644 3224 hac
666 3117 918 3231 occasrone
936 3117 1001 3218 nil
1024 3140 1262 3244 accepttus
1277 3140 1473 3215 contrn-

50 3286 165 3395 gere
183 3254 522 3399 porulnquam
548 3250 645 3354 lroc
666 3247 1009 3387 qualecunque
1025 3244 1337 3345 observantiae
1359 3274 1471 3345 mo·

53 3422 350 3493 numentum
372 3420 490 3527 erga
505 3376 744 3527 Quadam
765 3378 1019 3511 lastrorum
1043 3370 1293 3519 Vestrarrqm
1309 3376 1472 3485 Domi·

60 3530 276 3639 turmam
291 3524 520 3625 Dominat.
542 3517 743 3667 exigere,
775 3511 836 3615 de
861 3512 1096 3640 Quorum
1116 3502 1330 3647 granoso
1356 3504 1472 3607 alle-

62 3652 133 3753 uu
149 3648 275 3759 milri
291 3654 389 3789 jam
405 3640 434 3757 *a
484 3646 665 3753 lurimrs
683 3646 816 3747 annis
833 3639 1095 3779 gratulatus
1111 3650 1231 3747 lum,
1247 3666 1306 3738 ac
1324 3640 1475 3771 usquc

57 3788 356 3923 gratulabor.
502 3780 607 3918 ripsr
651 3770 966 3881 Hillcslreimii
1000 3769 1077 3877 die
1115 3772 1193 3879 Vl.
1236 3763 1475 3877 octobris

57 3924 178 4025 Anni
210 3917 544 4025 MDCCIX·
779 4044 822 4163 B
