3592 4764
380 124 388 135 '
418 125 499 195 200
858 122 976 197 SECT.
1006 126 1046 196 II.
1072 118 1166 199 CAP.
1194 124 1276 197 ΧΨ.

207 206 413 349 eiiam
423 246 522 308 nem
536 214 635 308 inde
652 242 934 327 concreverat.
1000 224 1117 311 Alius
1138 226 1237 307 exin
1254 224 1310 307 'in
1337 200 1566 329 tympanit'i

210 369 295 449 ruffi
308 388 383 439 me,
394 334 414 447 5'
423 328 597 451 lapsusb
614 354 715 450 potu
729 330 992 421 thermarum
1007 352 1271 422 excrementa
1282 330 1439 421 caseosa
1457 350 1566 415 exer

210 451 280 538 9⁶1?
282 540 285 545 ,
294 472 347 549 41,
426 452 491 537 Ac
505 446 612 533 maia
628 442 837 559 ejusmodi
854 446 907 533 ab
928 446 994 535 esu
1011 448 1128 568 casei.
1141 440 1419 560 frequentiori
1442 468 1499 525 eo
1528 462 1566 525 m

211 538 286 679 ιζ’
294 536 417 697 2¹2ssss
425 558 671 664 metuenda,
688 588 774 675 quo
793 566 934 673 magis
953 566 1164 675 quispiam
1192 566 1324 645 vitam
1361 574 1461 671 agat
1476 550 1566 641 sede

205 708 297 781 »334
370 660 378 681 ⁸
425 680 555 770 riam,
574 677 616 760 δι
630 696 756 760 motu
773 678 969 789 corporis
991 675 1042 761 ad
1065 670 1379 759 imminuendas
1395 668 1504 799 casei
1529 692 1566 781 pt

407 783 644 877 >crationes
660 786 718 873 nii
733 792 962 903 quicquam
979 784 1178 875 conferat.
1234 786 1302 873 Ab
1319 782 1389 870 eiu
1403 804 1566 897 verop

425 900 531 989 casei
546 898 766 988 vermiculi
778 924 875 987 cum
886 907 1010 987 urina
1021 898 1256 989 secedentes
1272 897 1498 985 observari.
1521 945 1526 954 -
1554 896 1566 979 i

423 1020 469 1102 iu
487 1036 608 1099 more
619 1012 817 1129 positum,
833 1034 882 1099 ut
901 1016 1019 1101 caseo
1042 1015 1133 1101 raso
1163 1011 1357 1128 pleraque
1382 1004 1566 1096 ferculo·

423 1124 554 1225 diam,
571 1124 613 1211 id
626 1122 741 1242 quod
759 1130 803 1213 in
818 1126 1114 1214 constitutione
1127 1150 1293 1229 eorum,
1303 1128 1376 1236 qui
1386 1124 1566 1235 ibnguiu

423 1244 501 1325 nui
515 1264 564 1323 ac
580 1235 716 1325 fluido
730 1238 1031 1352 praediti‘sunt,
1057 1264 1145 1327 non
1169 1238 1401 1325 admodum
1424 1242 1566 1351 imprr

422 1352 570 1465 potest,
586 1355 694 1439 inse
744 1352 1047 1440 entrionaiibus
1060 1344 1166 1441 verb
1181 1350 1385 1448 locis-ubi
1407 1348 1566 1437 incole

423 1471 600 1575 guinem
617 1490 686 1551 cra
721 1490 796 1551 um
812 1492 864 1553 ac
876 1466 1081 1553 viscosum
1096 1462 1263 1562 habent,
1273 1473 1362 1549 non
1389 1462 1565 1577 absque·

424 1583 501 1689 gni
520 1575 701 1665 sanitatis
718 1577 972 1665 detrimento
984 1574 1119 1682 fieret,
1134 1579 1191 1666 ob
1203 1576 1566 1691 glutinosuatemr

425 1692 491 1775 De
509 1688 678 1776 Brodiis
694 1691 859 1781 caseatis
873 1696 919 1777 in
946 1691 1150 1805 superiori
1174 1696 1402 1779 Germania
1427 1688 1566 1777 consu

428 1801 561 1915 piacet
579 1808 734 1887 iterum
744 1798 982 1912 judicium,
1014 1810 1084 1891 cui
1102 1804 1263 1921 semper
1285 1804 1476 1891 muitum
1510 1802 1566 1891 de

234 1886 831 2027 ‘'¹”s'·‘·'⁹c1parisHpsmni.
890 1920 1004 2005 Cum
1037 1920 1151 2003 enim
1181 1916 1331 2003 iisdem
1369 1940 1445 2016 to,
1519 1914 1566 2005 lu

426 2020 562 2113 fundo
580 2030 701 2113 coeat
716 2054 814 2113 cum
831 2028 908 2116 saie
926 2036 970 2118 in
988 2028 1353 2118 substantiamtam
1369 2025 1447 2119 soli
1479 2046 1565 2137 am,

422 2130 629 2337 suqupari
645 2144 667 2225 i
685 2138 822 2227 calore
844 2142 984 2234 nostro
1001 2164 1201 2259 nequeat,
1225 2144 1328 2260 quid
1357 2150 1566 2233 inventri

423 2278 510 2340 non
559 2272 614 2337 et.

500 2366 617 2452 xui
642 2364 858 2453 Caeterum
888 2394 1044 2485 magna
1073 2370 1288 2457 caseorum
1323 2362 1566 2459 differentia

420 2478 604 2562 Ratione
619 2486 933 2593 prapamnonis
947 2486 1060 2569 enim
1075 2482 1248 2597 quidam
1265 2483 1358 2599 post
1378 2484 1566 2581 eiicittun

399 2585 562 2673 'serose
584 2612 757 2686 ,aratum
779 2591 980 2703 butyrum
1000 2620 1221 2707 parantur,
1244 2602 1315 2713 qui
1336 2597 1446 2687 casei
1470 2596 1566 2683 ficri

422 2723 556 2787 acere
604 2706 693 2787 oris
707 2703 976 2791 consistentia
995 2708 1109 2813 sunt,
1125 2728 1250 2825 atque
1265 2716 1450 2799 omnino
1475 2710 1566 2797 dete

421 2836 502 2915 res.
563 2813 747 2925 Qidam
765 2814 867 2905 verb
884 2844 937 2906 ex
951 2816 1051 2906 labie
1068 2828 1138 2936 pin
1175 2821 1399 2911 urdinesui
1418 2824 1566 2939 nonpri

423 2928 538 3023 to‚u't
557 2924 669 3041 apud
679 2930 1017 3051 Frifiosaliosque
1026 2848 1206 3051 popuiits
1214 2960 1369 3051 pecore
1379 2930 1566 3023 multotb

422 3020 567 3126 dantes
588 3038 772 3159 talesque
793 3044 868 3139 soii
892 3052 1073 3161 antiquis
1095 3048 1194 3133 casei
1223 3056 1566 3137 nomine·venen

422 3154 614 3240 Mitiores
628 3178 770 3242 autem
784 3154 827 3243 hi
847 3156 952 3263 sunt,
971 3186 1048 3247 nec
1065 3160 1247 3248 muitum
1264 3154 1287 3245 i
1307 3188 1453 3253 natura
1473 3156 1566 3249 um

310 3296 316 3311 ·
420 3268 586 3353 cedunt.
645 3272 826 3356 Ratione
842 3273 1000 3385 saporis
1015 3273 1185 3389 quidam
1202 3279 1299 3359 acidi
1317 3276 1434 3377 sunt,
1454 3280 1566 3393 quin

419 3378 621 3500 trienium
637 3406 685 3465 ac
702 3384 940 3497 sanguinem
956 3384 1189 3483 debilitant,
1206 3386 1379 3500 quidam
1399 3394 1532 3505 magis
1537 3385 1566 3497 fi

345 3564 349 3571 .
418 3486 731 3689 quidtfficuiter
761 3520 1103 3615 concoquuntur,
1128 3500 1334 3589 humores
1355 3510 1566 3591 acriores!

449 3622 538 3701 unt,
554 3626 603 3687 ac
621 3602 859 3700 uberiorem
877 3610 1035 3698 calculo
1062 3618 1280 3704 materiam
1305 3616 1511 3731 praebent.
1557 3612 1566 3716 1

418 3716 535 3801 tione
548 3726 767 3831 temporie,
785 3734 897 3807 verni
913 3730 954 3812 ἃ
971 3734 1207 3833 autumnales,
1229 3738 1302 3847 qui
1314 3736 1453 3835 estivis
1470 3717 1566 3935 aeg

414 3836 479 3911 nis
495 3826 763 3943 preferendi,
793 3835 849 3922 ob
866 3833 983 3923 labiis
1009 3844 1053 3926 in
1070 3842 1333 3957 temporibus
1355 3844 1445 3933 istis
1461 3874 1512 3963 pt

257 4003 262 4014 .
414 3944 541 4047 tiam3
560 3946 698 4035 Etiam
716 3954 880 4039 ratione
896 3950 1091 4045 locorum
1124 3958 1166 4044 ἃ
1192 3956 1451 4071 paicuorum
1476 3959 1566 4049 aiiii

1547 4096 1566 4193 i
