3592 4764
826 104 956 199 baon
989 122 1057 199 re·
1087 118 1182 200 car.
1200 130 1266 199 11.·

801 242 848 343 C
881 236 992 345 ΑΡ.
1009 242 1130 344 UT
1192 247 1263 346 11.

632 380 711 483 Dc
724 376 877 535 ¹Dicta
883 380 1073 509 junioris
1090 412 1143 479 ac
1158 378 1307 487 media
1330 384 1491 485 Μὰ.

1028 542 1058 627 1.

477 691 729 781 Uniorattas
746 681 1062 797 cumjejnnium
1078 687 1206 803 perse
1223 694 1404 779 minime
1424 688 1546 797 ferar,

475 822 692 893 cremento
708 800 943 889 suo-adhuc
976 800 1544 922 indigeat,cibusquoquei

427 914 579 1029 majori
595 922 716 1035 copia
731 919 944 1028 competit,
962 940 1019 1003 nc
1028 940 1081 1001 ex
1090 914 1389 1004 alimentorum
1406 922 1546 1031 inopir

429 1034 571 1123 litetur
614 1033 796 1118 accretio
807 1036 998 1139 corporis
1013 1028 1274 1139 impediatur,
1287 1052 1360 1115 aut
1371 1056 1547 1145 quoquc

430 1089 630 1236 naturabis
645 1144 687 1230 se
698 1142 834 1253 ipsum
852 1140 964 1254 quasr
979 1144 1219 1229 consumere
1241 1164 1450 1255 cogatur,
1471 1150 1518 1231 in
1540 1150 1547 1227 i

428 1255 655 1347 validiores
677 1254 783 1341 sunt.
841 1248 939 1337 Cibi
962 1272 1103 1337 antem
1130 1252 1362 1341 exhibendi
1398 1254 1547 1341 crebri

428 1371 552 1461 calidi
567 1368 763 1484 quidem,
777 1370 992 1476 imprimis
1006 1354 1109 1451 verb
1121 1361 1290 1476 juscuia,
1305 1392 1414 1453 cum
1434 1364 1547 1457 facile

304 1576 310 1590 ,
389 1574 393 1585 ,
428 1502 597 1583 rantur,
613 1478 724 1567 &ad
749 1483 1059 1565 incrementum
1078 1484 1270 1593 corporis
1298 1506 1492 1596 quoque
1509 1508 1547 1597 pr

218 1578 425 1737 {²ffiss'17
428 1595 618 1685 rendum
633 1590 799 1681 faciant.
853 1596 946 1677 Nec
963 1614 1117 1693 tamen,
1134 1611 1345 1707 quantum
1359 1594 1530 1707 semper
1536 1588 1547 1703 j

388 1676 496 1801 55res
510 1704 731 1824 postuianu
746 1701 1547 1819 ptaebendum,sed-qmntumconficen

427 1819 635 1909 videntur.
694 1820 932 1903 Cumenim
948 1814 1085 1901 calore
1100 1818 1187 1915 sno,
1200 1814 1480 1930 quidebilior
1496 1819 1547 1907 ad

428 1933 508 2021 illis
520 1932 591 2034 est,
610 1934 786 2015 nimiam
803 1924 885 2016 cibi
906 1934 1071 2041 copiam
1087 1930 1342 2017 consumere
1360 1956 1548 2047 nequem

425 2040 538 2157 justo
555 2042 711 2129 diutius
729 2051 774 2129 in
793 2039 1028 2127 ventriculo
1044 2038 1276 2128 remanebit
1292 2069 1348 2131 ac
1367 2046 1548 2157 putresce

428 2156 461 2243 fi
481 2155 653 2245 subinde
669 2178 807 2241 novus
819 2151 935 2239 cibus
950 2150 1343 2251 accesserinealoris
1352 2164 1496 2246 nativi
1511 2180 1548 2243 nr

217 2267 646 2357 κῑέὶὶῆωῑῑνοωτίὶῐῃέἰίο
662 2268 865 2383 sequetur.
930 2270 977 2353 ln
994 2266 1084 2353 asiis
1099 2267 1208 2354 succi
1229 2259 1453 2375 ejusmodi
1462 2268 1548 2359 crud

214 2374 274 2414 ‘¹⁰'
288 2373 334 2437 Ἰ
337 2394 344 2415 ·
358 2374 525 2471 ⁴⁴⁷inde
539 2380 700 2469 colludii
715 2402 851 2495 partes
867 2380 1093 2493 praesertim
1105 2380 1376 2491 respirationi
1386 2384 1548 2470 dicatas«

427 2517 546 2611 panc,
569 2516 615 2581 ut
631 2494 878 2607 respirantes
891 2492 1123 2588 audiantur,
1135 2496 1176 2578 dt
1193 2486 1318 2581 facile
1330 2492 1548 2585 catarrhus

427 2613 572 2692 cativis
592 2614 888 2719 corripiantur.
946 2604 1033 2690 Alii
1044 2630 1135 2717 quae
1149 2610 1192 2689 in
1203 2611 1344 2693 nimia
1360 2615 1548 2727 quantita

424 2714 643 2827 gesserunn
661 2716 780 2802 brevi
794 2708 931 2800 denub
943 2737 1134 2827 egerunt,
1150 2725 1446 2836 continuoque
1455 2714 1548 2807 airis

422 2823 623 2916 laborant.
680 2824 765 2915 Alii
777 2830 852 2939 qui
866 2826 958 2911 sunt
974 2826 1549 2939 pauperioriscondinonrsti

235 3048 238 3053 Ι
294 3032 297 3038 ,
421 2961 492 3039 aut
506 2963 611 3051 pane
632 2944 771 3023 minus
786 2942 917 3041 bono,
932 2962 1002 3026 aut
1015 2940 1105 3028 aliis
1123 2940 1228 3028 cibis
1252 2939 1548 3035 crudioribosst

255 3048 614 3149 sanoorbriircium,
646 3049 1549 3163 serumqueindeabdomineintumescunndri

211 3080 726 3253 &⁸·¹¹¹·'²⁵·bius1cvad)unt.
758 3164 1003 3276 impuberes
1018 3192 1287 3283 quoqueqno
1304 3173 1549 3285 copioiionot

206 3238 485 3372 ’ikdbaemtur
504 3274 715 3379 alimento,
732 3302 783 3362 eo
804 3283 942 3365 minus
952 3284 995 3367 in
1011 3280 1228 3368 decentem
1237 3284 1549 3399 magnitudinem

206 3393 374 3463 nem
417 3392 597 3477 crescere
613 3394 855 3478 communis
869 3399 1016 3503 opinio
1031 3392 1100 3478 rib

501 3504 548 3587 li.
576 3505 623 3585 In
637 3501 741 3585 cibis
760 3502 972 3591 mellita&
991 3506 1223 3595 sacchardta
1248 3530 1338 3599 non
1355 3504 1549 3627 supprior

410 3638 508 3701 cum
529 3610 828 3699 lumbricorum
847 3623 1107 3727 generationi
1124 3618 1305 3711 faveant.
1370 3620 1549 3727 vinnom

410 3750 491 3839 que
504 3722 660 3811 studius
675 3724 854 3831 horarii,
869 3728 984 3841 qnod
1004 3731 1247 3843 sanguinem
1261 3736 1549 3843 renorosunga

410 3859 503 3924 rent
522 3842 562 3923 dc
581 3826 716 3925 febres
734 3837 943 3927 inducant.
1001 3846 1140 3932 Etiam
1159 3855 1303 3935 carnis
1325 3850 1422 3937 esus
1437 3858 1473 3937 in
1484 3844 1550 3957 jud

411 3972 533 4039 aetate
550 3959 713 4065 parcior
730 3950 808 4041 effe
821 3952 943 4043 debet
958 3974 1049 4045 tum
1066 3980 1241 4075 propter
1257 3963 1550 4055 eruditarum

1513 4090 1550 4157 ni
